%% This BibTeX bibliography file was created using BibDesk.
%% http://bibdesk.sourceforge.net/

%% Created for Matt Chapman at 2017-03-08 10:37:25 +0100 


%% Saved with string encoding Unicode (UTF-8) 



@article{BuntainChanges2014,
	Author = {Cody Buntain and Christopher Natoli and Miroslav Zivkovic},
	Date-Added = {2017-03-08 09:22:00 +0000},
	Date-Modified = {2017-03-08 09:27:39 +0000},
	Journal = {Supercomputing},
	Title = {Comparing Algorithms for Detecting Abrupt Change Points in Data},
	Year = {2014}}

@misc{ESMovingAverages,
	Author = {Zachary Tong},
	Date-Added = {2017-03-08 09:20:23 +0000},
	Date-Modified = {2017-03-08 09:37:25 +0000},
	Howpublished = {Online},
	Month = {August},
	Title = {Staying in control with moving averages, part 1},
	Url = {https://www.elastic.co/blog/staying-in-control-with-moving-averages-part-1},
	Year = {2015},
	Bdsk-Url-1 = {https%20:%20/%20/%20www.elastic.co/blog/staying-in-control-with-moving-averages-part-1}}

@inproceedings{kawahara2009change,
	Author = {Kawahara, Yoshinobu and Sugiyama, Masashi},
	Booktitle = {Proceedings of the 2009 SIAM International Conference on Data Mining},
	Organization = {SIAM},
	Pages = {389--400},
	Title = {Change-point detection in time-series data by direct density-ratio estimation},
	Year = {2009}}

@book{basseville1993detection,
	Author = {Basseville, Mich{\`e}le and Nikiforov, Igor V and others},
	Publisher = {Prentice Hall Englewood Cliffs},
	Title = {Detection of abrupt changes: theory and application},
	Volume = {104},
	Year = {1993}}

@inproceedings{kifer2004detecting,
	Author = {Kifer, Daniel and Ben-David, Shai and Gehrke, Johannes},
	Booktitle = {Proceedings of the Thirtieth international conference on Very large data bases-Volume 30},
	Organization = {VLDB Endowment},
	Pages = {180--191},
	Title = {Detecting change in data streams},
	Year = {2004}}

@article{galeano2007covariance,
	Author = {Galeano, Pedro and Pe{\~n}a, Daniel},
	Journal = {Journal of Statistical Planning and Inference},
	Number = {1},
	Pages = {194--211},
	Publisher = {Elsevier},
	Title = {Covariance changes detection in multivariate time series},
	Volume = {137},
	Year = {2007}}

@article{desobry2005online,
	Author = {Desobry, Fr{\'e}d{\'e}ric and Davy, Manuel and Doncarli, Christian},
	Journal = {IEEE Transactions on Signal Processing},
	Number = {8},
	Pages = {2961--2974},
	Publisher = {IEEE},
	Title = {An online kernel change detection algorithm},
	Volume = {53},
	Year = {2005}}

@inproceedings{tartakovsky2005nonparametric,
	Author = {Tartakovsky, Alexander G and Rozovskii, Boris L and Shah, Khushboo},
	Booktitle = {Proceedings of Joint Statistical Meetings, Minneapolis, MN},
	Organization = {Citeseer},
	Title = {A nonparametric multichart CUSUM test for rapid intrusion detection},
	Year = {2005}}

@article{tartakovsky2006detection,
	Author = {Tartakovsky, Alexander G and Rozovskii, Boris L and Bla{\v{z}}ek, Rudolf B and Kim, Hongjoong},
	Journal = {Statistical methodology},
	Number = {3},
	Pages = {252--293},
	Publisher = {Elsevier},
	Title = {Detection of intrusions in information systems by sequential change-point methods},
	Volume = {3},
	Year = {2006}}

@article{matteson2014nonparametric,
	Author = {Matteson, David S and James, Nicholas A},
	Journal = {Journal of the American Statistical Association},
	Number = {505},
	Pages = {334--345},
	Publisher = {Taylor \& Francis},
	Title = {A nonparametric approach for multiple change point analysis of multivariate data},
	Volume = {109},
	Year = {2014}}

@article{siegmund1995using,
	Author = {Siegmund, David and Venkatraman, ES},
	Journal = {The Annals of Statistics},
	Pages = {255--271},
	Publisher = {JSTOR},
	Title = {Using the generalized likelihood ratio statistic for sequential detection of a change-point},
	Year = {1995}}

@article{willsky1976generalized,
	Author = {Willsky, Alan and Jones, H},
	Journal = {IEEE Transactions on Automatic control},
	Number = {1},
	Pages = {108--112},
	Publisher = {IEEE},
	Title = {A generalized likelihood ratio approach to the detection and estimation of jumps in linear systems},
	Volume = {21},
	Year = {1976}}

@article{lai1999efficient,
	Author = {Lai, Tze Leung and Shan, Jerry Z},
	Journal = {IEEE Transactions on Automatic Control},
	Number = {5},
	Pages = {952--966},
	Publisher = {IEEE},
	Title = {Efficient recursive algorithms for detection of abrupt changes in signals and control systems},
	Volume = {44},
	Year = {1999}}

@article{bersimis2007multivariate,
	Author = {Bersimis, Sotiris and Psarakis, Stelios and Panaretos, John},
	Journal = {Quality and Reliability engineering international},
	Number = {5},
	Pages = {517--543},
	Publisher = {Wiley Online Library},
	Title = {Multivariate statistical process control charts: an overview},
	Volume = {23},
	Year = {2007}}

@article{downey2008novel,
	Author = {Downey, Allen B},
	Journal = {arXiv preprint arXiv:0812.1237},
	Title = {A novel changepoint detection algorithm},
	Year = {2008}}
